@article{campi,
   author={Calafiore G. C.},
   title={Random Convex Programs},
   journal={SIAM Journal on Optimization},
   volume={20},
   number={6},
   pages={3427-3464},
   year={2010},
}

@article{tiebreak,
   author={Calafiore, G. and Campi, M. C.},
   title={The scenario approach to robust control design},
   journal={IEEE Transactions on Automatic Control},
   volume={51},
   number={5},
   pages={742--753},
   year={2006},
}


@article{parrilo-jadbabaie,
   author={Parrilo, P. A. and Jadbabaie, A.},
   title={Approximation of the joint spectral radius using sum of squares},
   journal={Linear Algebra and its Applications},
   volume={428},
   number={10},
   pages={2385-2402},
   year={2008},
}

@book{combettes,
   author={Bauschke, H. H. and Combettes, P. L.},
   title={Convex analysis and monotone operator theory in Hilbert spaces},
   series={CMS Books in mathematics},
   publisher={Springer},
   address={New York, Dordrecht, Heidelberg},
   year = {2011},
}


@article{sphericalCapRef,
   author={Li, S.},
   title={Concise formulas for the area and volume of a hyperspherical cap},
   journal={Asian Journal of Mathematics and Statistics},
   volume={4},
   pages={66-70},
   year={2011},
} 

@inproceedings{kapinski,
   author={Kapinski, J. and Deshmukh, J. V. and Sankaranarayanan, S. and Arechiga, N.},
   title={Simulation-guided Lyapunov analysis for hybrid dynamical systems},
   booktitle={Proceedings of the 17th International Conference on Hybrid Systems: Computation and Control},
   year={2014},
   pages={133--142},
   publisher={ACM},
} 

@inproceedings{lazar,
   author={Bobiti, R. and Lazar, M.},
   title={A Delta-sampling verification theorem for discrete-time, possibly discontinuous systems},
   booktitle={Proceedings of the 18th International Conference on Hybrid Systems: Computation and Control},
   year={2015},
   pages={140--148},
   publisher={ACM},
} 

@article{topcu,
   author={Topcu, U. and Packard, A. and Seiler, P.},
   title={Local stability analysis using simulations and sum-of-squares programming},
   journal={Automatica},
   volume={44},
   number={10},
   pages={2669--2675},
   year={2008},
   publisher={Elsevier},
}

@incollection{jungers_lncis,
   author={Jungers, R.},
   title={The joint spectral radius: theory and applications},
   booktitle={Lecture Notes in Control and Information Sciences},
   volume={385},
   publisher={Springer-Verlag},
   year={2009},
}

@book{boyd,
   author={Boyd, S. and Vandenberghe, L.},
   title={Convex Optimization},
   year={2004},
   publisher = {Cambridge University Press},
} 

	
@book{sun-ge,
   author={Ge, S. S. and Sun, Z.},  
   title={Switched linear systems: Control and design},
   series={Communications and Control Engineering series},
   year={2005},
   publisher={Springer-Verlag},
}

@book{liberzon-switching,
	author={Liberzon, D.},
	title={Switching in Systems and Control},
	series={Systems & Control: Foundations & Applications},
	publisher ={Birkh\"auser Boston},
	year={2003},
}

@article{nemirovski,
  author={Nemirovski, A. and Shapiro, A.},
  title={Convex approximations of chance constrained programs},
  journal={SIAM Journal on Optimization},
  volume={17},
  number={4},
  pages={969--996},
  year={2006},
  publisher={SIAM}
}

@article{campi-garatti,
   author={Campi, M. C. and Garatti, S.},
   title={The exact feasibility of randomized solutions of uncertain convex programs},
   journal={SIAM Journal on Optimization},
   volume={19},
   number={3},
   pages={1211-1230},
   year={2008},
   publisher={SIAM},
}


@article{lauer,
   author={Lauer, F.}, 
   title={On the complexity of switching linear regression},
   journal={Automatica},
   volume={74},
   pages={80--83},
   year={2016},
   publisher={Elsevier},
}

@book {rudin,
   author={Rudin, W.},
   title={Real and complex analysis},
   edition={3rd},
   publisher={McGraw-Hill Book Co.},
   year={1987},
}

@article{stabilityHard1,
   author={Blondel, V. D. and Tsitsiklis, J. N.},
   title={Complexity of stability and controllability of elementary hybrid systems},
   journal={Automatica},
   volume={35},
   number={3},
   pages={479--489},
   year={1999},
}

@inproceedings{liberzon, 
   author={Liu, S. and Liberzon, D. and Zharnitsky, V.}, 
   title={On almost Lyapunov functions for non-vanishing vector fields},
   booktitle={Proceedings of the 55th IEEE Conference on Decision and Control (CDC)}, 
   year={2016}, 
   pages={5557-5562}, 
}


@article{bianchini, 
   author={Blanchini, F. and Fenu, G. and Giordano, G. and Pellegrino, F. A.}, 
   journal={IEEE Transactions on Automatic Control}, 
   title={Model-free plant tuning}, 
   year={2017},
   volume={62}, 
   number={6}, 
   pages={2623--2634}, 
}

@inproceedings{balkan, 
   author={Balkan, A. and Tabuada, P. and Deshmukh, J. V. and Jin, X. and Kapinski, J.}, 
   title={Underminer: A framework for automatically identifying non-converging behaviors in black box system models}, 
   booktitle={Proceedings of the Thirteenth ACM International Conference on Embedded Software (EMSOFT)}, 
   series = {EMSOFT '16}, 
   year={2016}, 
   pages={1-10}, 
}


@inproceedings{jsrtoolbox,
   author={Vankeerberghen, G. and Hendrickx, J. and Jungers, R.},
   title={JSR: A Toolbox to Compute the Joint Spectral Radius},
   booktitle={Proceedings of the 17th International Conference on Hybrid Systems: Computation and Control},
   series={HSCC '14},
   year={2014},
   pages = {151--156},
   publisher = {ACM},
} 

@inproceedings{mitra,
   author={Huang, Z. and Mitra, S.},
   title={Proofs from simulations and modular annotations},
   booktitle={Proceedings of the 17th International Conference on Hybrid Systems: Computation and Control},
   series={HSCC '14},
   year={2014},
   pages={183--192},
   publisher={ACM},
} 

@inproceedings{mitra2,
   author={Duggirala, P. S. and Mitra, S. and Viswanathan, M.},
   title={Verification of annotated models from executions},
   booktitle={Proceedings of the Eleventh ACM International Conference on Embedded Software},
   series={EMSOFT '13},
   year={2013},
   pages={26:1--26:10},
} 

@inproceedings{sosLyap,
    author={Papachristodoulou, A. and Prajna, S.},
    title={On the construction of Lyapunov functions using the sum of squares decomposition},  
    booktitle={Proceedings of 41st IEEE Conference on Decision and Control (CDC)},
    pages={3482--3487},
    year={2002},
}

@inproceedings{kozarev2016case,
  author={Kozarev, A. and Quindlen, J. and How, J. and Topcu, U.},
  title={Case studies in data-driven verification of dynamical systems},
  booktitle={Proceedings of the 19th International Conference on Hybrid Systems: Computation and Control},
  series={HSCC '16},
  pages={81--86},
  year={2016},
  publisher={ACM},
}